
% https://www.acm.org/publications/authors/bibtex-formatting
@misc{ Nobody06,
       author = "Nobody Jr",
       title = "My Article",
       year = "2006" }
